<?xml version="1.0" encoding="UTF-8"?><collection xmlns="http://www.loc.gov/MARC21/slim"><record><leader>00394nam--2200145-i-4500</leader><controlfield tag="001">000048062</controlfield><controlfield tag="002">20161230</controlfield><controlfield tag="005">20161230201046</controlfield><controlfield tag="008">060222s1000------------r-----000-0-eng-d</controlfield><datafield ind1=" " ind2=" " tag="080"><subfield code="a">539.12.04</subfield></datafield><datafield ind1=" " ind2=" " tag="100"><subfield code="a">Zirkle, Raymond E</subfield></datafield><datafield ind1=" " ind2=" " tag="245"><subfield code="a">Effects of external beta radiation</subfield></datafield><datafield ind1=" " ind2=" " tag="260"><subfield code="a">New York, Mcgraw-hill, 1951, Xxv + 242p</subfield></datafield><datafield ind1=" " ind2=" " tag="490"><subfield code="a">National Nuclear Energy Series, Iv-22 E</subfield></datafield><datafield ind1=" " ind2=" " tag="852"><subfield code="a">10728</subfield></datafield></record></collection>